


@book{hastie01statisticallearning,
  added-at = {2008-05-16T16:17:42.000+0200},
  address = {New York, NY, USA},
  author = {Hastie, Trevor and Tibshirani, Robert and Friedman, Jerome},
  biburl = {https://www.bibsonomy.org/bibtex/2f58afc5c9793fcc8ad8389824e57984c/sb3000},
  interhash = {d585aea274f2b9b228fc1629bc273644},
  intrahash = {f58afc5c9793fcc8ad8389824e57984c},
  keywords = {ml statistics},
  publisher = {Springer New York Inc.},
  series = {Springer Series in Statistics},
  timestamp = {2008-05-16T16:17:43.000+0200},
  title = {The Elements of Statistical Learning},
  year = 2001
}







@book{Goodfellow-et-al-2016,
  added-at = {2017-03-13T20:27:27.000+0100},
  author = {Goodfellow, Ian and Bengio, Yoshua and Courville, Aaron},
  biburl = {https://www.bibsonomy.org/bibtex/2175f81afff897a68829e4d30c080a8fb/hotho},
  interhash = {62814dec510d5c55b0b38ad85a6c748d},
  intrahash = {175f81afff897a68829e4d30c080a8fb},
  keywords = {book deep learning toread},
  note = {Book in preparation for MIT Press},
  publisher = {MIT Press},
  timestamp = {2017-04-14T13:44:20.000+0200},
  title = {Deep Learning},
  url = {http://www.deeplearningbook.org},
  year = 2016
}



@software{MachineLearningProjects_2023,
author = {Wiseth, Brage and Heyerdahl, Felix Cameren and Jahr, Eirik Bj√∏rnson},
month = nov,
title = {{MachineLearningProjects}},
howpublished = "\url{https://github.com/bragewiseth/MachineLearningProjects}",
version = {1.0.0},
year = {2023}
}



@misc{nielsenneural,
  added-at = {2019-01-15T22:46:49.000+0100},
  author = {Nielsen, Michael A.},
  biburl = {https://www.bibsonomy.org/bibtex/274383acee84241145ff4ffede9658206/slicside},
  interhash = {04d527cadd39f888fc3babcad3343362},
  intrahash = {74383acee84241145ff4ffede9658206},
  keywords = {ba-2018-hahnrico},
  publisher = {Determination Press},
  timestamp = {2019-01-15T22:46:49.000+0100},
  title = {Neural Networks and Deep Learning},
  type = {misc},
  url = {http://neuralnetworksanddeeplearning.com/},
  year = 2018
}



@article{scikit-learn,
 title={Scikit-learn: Machine Learning in {P}ython},
 author={Pedregosa, F. and Varoquaux, G. and Gramfort, A. and Michel, V.
         and Thirion, B. and Grisel, O. and Blondel, M. and Prettenhofer, P.
         and Weiss, R. and Dubourg, V. and Vanderplas, J. and Passos, A. and
         Cournapeau, D. and Brucher, M. and Perrot, M. and Duchesnay, E.},
 journal={Journal of Machine Learning Research},
 volume={12},
 pages={2825--2830},
 year={2011}
}



@software{neutelings_tikzcode,
  author = {Neutelings, Izaak},
  title = {TikZ code for neural networks},
  note = {modified to fit the needs of this project},
  url = {https://tikz.net/neural_networks/},
  howpublished = "\url{https://tikz.net/neural_networks/}",
  version = {1.0},
  year = {2021}
}


@software{gpt,
    author = {OpenAI},
    title = {Chat-GPT},
    note = {Some of the code and formulations are developed with the help from Chat-GPT},
    url = {https://openai.com/chatgpt},
    howpublished = "\url{https://openai.com/chatgpt}",
    year = {2023}
}



@software{fys-stk,
    author = {Morten Hjorth-Jensen},
    title = {FYS-STK4155/3155 Applied Data Analysis and Machine Learning},
    url = {https://compphysics.github.io/MachineLearning/doc/LectureNotes/_build/html/intro.html},
    howpublished = "\url{https://compphysics.github.io/MachineLearning/doc/LectureNotes/_build/html/intro.html}",
    year = {2021}
}







@article{HornikEtAl89,
  added-at = {2012-08-18T21:01:01.000+0200},
  author = {Hornik, K. and Stinchcombe, M. and White, H.},
  biburl = {https://www.bibsonomy.org/bibtex/2093b3edd165afb94d52365daefa7e4db/dalbem},
  date-added = {2008-03-06 20:17:54 -0300},
  date-modified = {2008-03-06 20:17:54 -0300},
  groups = {public},
  interhash = {9948713640c726f50c4c5a57e121f7ac},
  intrahash = {093b3edd165afb94d52365daefa7e4db},
  journal = {Neural Networks},
  keywords = {},
  number = 5,
  pages = {359-366},
  timestamp = {2012-08-18T21:01:01.000+0200},
  title = {Multilayer feedforward networks are universal approximators},
  username = {dalbem},
  volume = 2,
  year = 1989
}



@misc{misc_breast_cancer17,
  author       = {Wolberg, W. and Mangasarian, O. and Street, N. and Street, W.},
  title        = {{Breast Cancer Wisconsin (Diagnostic)}},
  year         = {1995},
  howpublished = {UCI Machine Learning Repository},
  note         = {{DOI}: https://doi.org/10.24432/C5DW2B}
}
